%YAML 1.1
%TAG !u! tag:unity3d.com,2011:
--- !u!1 &6322107467928477065
GameObject:
  m_ObjectHideFlags: 0
  m_CorrespondingSourceObject: {fileID: 0}
  m_PrefabInstance: {fileID: 0}
  m_PrefabAsset: {fileID: 0}
  serializedVersion: 6
  m_Component:
  - component: {fileID: 6063546967087703623}
  - component: {fileID: 2215522144168615725}
  - component: {fileID: -5901112319685248727}
  m_Layer: 8
  m_Name: Player
  m_TagString: Untagged
  m_Icon: {fileID: 0}
  m_NavMeshLayer: 0
  m_StaticEditorFlags: 0
  m_IsActive: 1
--- !u!4 &6063546967087703623
Transform:
  m_ObjectHideFlags: 0
  m_CorrespondingSourceObject: {fileID: 0}
  m_PrefabInstance: {fileID: 0}
  m_PrefabAsset: {fileID: 0}
  m_GameObject: {fileID: 6322107467928477065}
  m_LocalRotation: {x: 0, y: 0, z: 0, w: 1}
  m_LocalPosition: {x: 0, y: 0, z: 0}
  m_LocalScale: {x: 1, y: 1, z: 1}
  m_Children: []
  m_Father: {fileID: 0}
  m_RootOrder: 0
  m_LocalEulerAnglesHint: {x: 0, y: 0, z: 0}
--- !u!114 &2215522144168615725
MonoBehaviour:
  m_ObjectHideFlags: 0
  m_CorrespondingSourceObject: {fileID: 0}
  m_PrefabInstance: {fileID: 0}
  m_PrefabAsset: {fileID: 0}
  m_GameObject: {fileID: 6322107467928477065}
  m_Enabled: 1
  m_EditorHideFlags: 0
  m_Script: {fileID: 11500000, guid: 384ef61a0b20734498618fd55d59a2df, type: 3}
  m_Name: 
  m_EditorClassIdentifier: 
  m_CardPrefab: {fileID: 4015213106641016236, guid: ab41b1f6e9cccbf42adf9e9b84bab3c5,
    type: 3}
  m_TileEmptyPrefab: {fileID: 4141235919420770822, guid: 76b72f28d8284a943acf891cb2118674,
    type: 3}
  m_Directions: 0100000004000000
  m_PlayerCardsUI: {fileID: 0}
  m_Direction: 1
  m_DirectionId: 0
  m_Board: {fileID: 0}
  m_Data:
    m_Cards: []
  m_CardOnBoard: {fileID: 0}
  m_TileEmptyList: []
--- !u!114 &-5901112319685248727
MonoBehaviour:
  m_ObjectHideFlags: 0
  m_CorrespondingSourceObject: {fileID: 0}
  m_PrefabInstance: {fileID: 0}
  m_PrefabAsset: {fileID: 0}
  m_GameObject: {fileID: 6322107467928477065}
  m_Enabled: 1
  m_EditorHideFlags: 0
  m_Script: {fileID: 11500000, guid: 62899f850307741f2a39c98a8b639597, type: 3}
  m_Name: 
  m_EditorClassIdentifier: 
  m_Actions: {fileID: -944628639613478452, guid: c92f595e20f91a848be4858377726860,
    type: 3}
  m_NotificationBehavior: 2
  m_UIInputModule: {fileID: 0}
  m_DeviceLostEvent:
    m_PersistentCalls:
      m_Calls: []
  m_DeviceRegainedEvent:
    m_PersistentCalls:
      m_Calls: []
  m_ControlsChangedEvent:
    m_PersistentCalls:
      m_Calls: []
  m_ActionEvents:
  - m_PersistentCalls:
      m_Calls:
      - m_Target: {fileID: 2215522144168615725}
        m_MethodName: CardRotate
        m_Mode: 0
        m_Arguments:
          m_ObjectArgument: {fileID: 0}
          m_ObjectArgumentAssemblyTypeName: UnityEngine.Object, UnityEngine
          m_IntArgument: 0
          m_FloatArgument: 0
          m_StringArgument: 
          m_BoolArgument: 0
        m_CallState: 2
    m_ActionId: 1ec87a11-fab2-4c48-9603-a2b37e814685
    m_ActionName: Player/Rotate[/Keyboard/q]
  - m_PersistentCalls:
      m_Calls:
      - m_Target: {fileID: 2215522144168615725}
        m_MethodName: CardMoveUp
        m_Mode: 0
        m_Arguments:
          m_ObjectArgument: {fileID: 0}
          m_ObjectArgumentAssemblyTypeName: UnityEngine.Object, UnityEngine
          m_IntArgument: 0
          m_FloatArgument: 0
          m_StringArgument: 
          m_BoolArgument: 0
        m_CallState: 2
    m_ActionId: 2eb6328d-5454-452f-a25a-6f9f41b57104
    m_ActionName: Player/Card Move UP[/Keyboard/w,/Keyboard/upArrow]
  - m_PersistentCalls:
      m_Calls:
      - m_Target: {fileID: 2215522144168615725}
        m_MethodName: CardMoveDown
        m_Mode: 0
        m_Arguments:
          m_ObjectArgument: {fileID: 0}
          m_ObjectArgumentAssemblyTypeName: UnityEngine.Object, UnityEngine
          m_IntArgument: 0
          m_FloatArgument: 0
          m_StringArgument: 
          m_BoolArgument: 0
        m_CallState: 2
    m_ActionId: 1f202384-6aa8-4c0e-ab10-1998bc6b148a
    m_ActionName: Player/Card Move DOWN[/Keyboard/s]
  - m_PersistentCalls:
      m_Calls:
      - m_Target: {fileID: 2215522144168615725}
        m_MethodName: CardMoveRight
        m_Mode: 0
        m_Arguments:
          m_ObjectArgument: {fileID: 0}
          m_ObjectArgumentAssemblyTypeName: UnityEngine.Object, UnityEngine
          m_IntArgument: 0
          m_FloatArgument: 0
          m_StringArgument: 
          m_BoolArgument: 0
        m_CallState: 2
    m_ActionId: 966c6aac-d413-4a21-8011-5b32067b405a
    m_ActionName: Player/Card Move RIGHT[/Keyboard/d]
  - m_PersistentCalls:
      m_Calls:
      - m_Target: {fileID: 2215522144168615725}
        m_MethodName: CardMoveLeft
        m_Mode: 0
        m_Arguments:
          m_ObjectArgument: {fileID: 0}
          m_ObjectArgumentAssemblyTypeName: UnityEngine.Object, UnityEngine
          m_IntArgument: 0
          m_FloatArgument: 0
          m_StringArgument: 
          m_BoolArgument: 0
        m_CallState: 2
    m_ActionId: 552e3170-707d-4919-addf-b7c841b233b3
    m_ActionName: Player/Card Move LEFT[/Keyboard/a]
  - m_PersistentCalls:
      m_Calls:
      - m_Target: {fileID: 2215522144168615725}
        m_MethodName: CardNext
        m_Mode: 0
        m_Arguments:
          m_ObjectArgument: {fileID: 0}
          m_ObjectArgumentAssemblyTypeName: UnityEngine.Object, UnityEngine
          m_IntArgument: 0
          m_FloatArgument: 0
          m_StringArgument: 
          m_BoolArgument: 0
        m_CallState: 2
    m_ActionId: 83ec9f40-2df3-40aa-bc03-e4232cbb3e0f
    m_ActionName: Player/Card Next[/Keyboard/e]
  - m_PersistentCalls:
      m_Calls: []
    m_ActionId: 502b72cf-f14b-4109-a7cc-a04964430f65
    m_ActionName: Player/Card Previous
  - m_PersistentCalls:
      m_Calls:
      - m_Target: {fileID: 2215522144168615725}
        m_MethodName: PositionSelect
        m_Mode: 0
        m_Arguments:
          m_ObjectArgument: {fileID: 0}
          m_ObjectArgumentAssemblyTypeName: UnityEngine.Object, UnityEngine
          m_IntArgument: 0
          m_FloatArgument: 0
          m_StringArgument: 
          m_BoolArgument: 0
        m_CallState: 2
    m_ActionId: c73f26d6-aa59-40b8-b227-305f3eaf509b
    m_ActionName: Player/Card Select[/Keyboard/space]
  - m_PersistentCalls:
      m_Calls: []
    m_ActionId: b3950f34-c933-4cfd-b564-e639e76482a7
    m_ActionName: UI/MainMenu[/Keyboard/escape]
  m_NeverAutoSwitchControlSchemes: 0
  m_DefaultControlScheme: 
  m_DefaultActionMap: Player
  m_SplitScreenIndex: -1
  m_Camera: {fileID: 0}
